<record xmlns="http://www.openarchives.org/OAI/2.0/" xmlns:xsi="http://www.w3.org/2001/XMLSchema-instance"><header><identifier>oai:alma.34CSIC_INST:990012277180204201</identifier><datestamp>2020-02-06T08:41:03Z</datestamp><setSpec>manuscripta</setSpec></header><metadata><record xmlns="http://www.loc.gov/MARC21/slim" xmlns:xsi="http://www.w3.org/2001/XMLSchema-instance" xsi:schemaLocation="http://www.loc.gov/MARC21/slim http://www.loc.gov/standards/marcxml/schema/MARC21slim.xsd"><leader>06883ntm a2200613 i 4500</leader><controlfield tag="005">20181031100349.0</controlfield><controlfield tag="008">100406q1500    sp            000 0 ara d</controlfield><controlfield tag="001">990012277180204201</controlfield><datafield tag="035" ind1=" " ind2=" "><subfield code="a">CSIC001227718</subfield></datafield><datafield tag="035" ind1=" " ind2=" "><subfield code="a">(ES-MaCSI)001227718MAD01-Aleph</subfield></datafield><datafield tag="035" ind1=" " ind2=" "><subfield code="a">(OCoLC)1123885082
</subfield></datafield><datafield tag="040" ind1=" " ind2=" "><subfield code="a">ES-MaCSI</subfield><subfield code="b">spa</subfield></datafield><datafield tag="080" ind1=" " ind2=" "><subfield code="a">091(=411.21)</subfield></datafield><datafield tag="080" ind1=" " ind2=" "><subfield code="a">28</subfield></datafield><datafield tag="245" ind1="1" ind2="0"><subfield code="a">[Devocionario]</subfield><subfield code="h">[Manuscrito]</subfield></datafield><datafield tag="260" ind1=" " ind2=" "><subfield code="a">[S.l.],</subfield><subfield code="c">[s.a.].</subfield></datafield><datafield tag="300" ind1=" " ind2=" "><subfield code="a">75 ff. y dos de guarda (1 col. 8 líneas por pág.) :</subfield><subfield code="b">Papel tratado ;</subfield><subfield code="c">10,7x7,6 cm. (caja:7,5x5,5 cm.).</subfield></datafield><datafield tag="490" ind1="0" ind2=" "><subfield code="a">Manuscripta</subfield></datafield><datafield tag="500" ind1=" " ind2=" "><subfield code="a">Incipit:تَهْلِيلُ الْقُرْأَنِ الْعَظيِمِ وَلاَ حَوْلَ وَلاَ قُوَّة َ إلَّا بِالله الْعَلِيِ الْعَظِيمِ [بسملة] شَلْبَا الله شُبْرَا شُمَاشَجَارُ َالنَّبي مُحَمَّدْ اِشُبْرَالُشْ شُيُشْ فُوَارَّا كُنْتذُ</subfield></datafield><datafield tag="500" ind1=" " ind2=" "><subfield code="a">Explicit:يَا غَافِرَ ذَنْبِ داوُود يَا مَن لاَ يُخْلِفُ اَلْوَعْدَ لِلْمَوْعُدِ وَصَلَّى الله عَلَى سَيدْنَا وَمَوْلَنَا مُحَمَّدٍ الكَرِيمِ وَعَلَى اله وَصَحْبِهِ وَ سَلَّمَ تَسْلِيمًا كَثِيرًا.</subfield></datafield><datafield tag="500" ind1=" " ind2=" "><subfield code="a">Tinta negra y roja</subfield></datafield><datafield tag="500" ind1=" " ind2=" "><subfield code="a">Al menos dos copistas desconocidos.</subfield></datafield><datafield tag="500" ind1=" " ind2=" "><subfield code="a">Colofón: تمت الدعا الحمد لله رب العلمين.</subfield></datafield><datafield tag="500" ind1=" " ind2=" "><subfield code="a">Características especiales: Algunas partes del texto tienen traducción aljamiada interlineal.</subfield></datafield><datafield tag="500" ind1=" " ind2=" "><subfield code="a">Ilustración: Ilustración geométrica y floral antes del inicio del texto en el f.1v.</subfield></datafield><datafield tag="500" ind1=" " ind2=" "><subfield code="a">Ilustraciones: No.</subfield></datafield><datafield tag="500" ind1=" " ind2=" "><subfield code="a">Tipo de cuaderno: Cuadernos de 4, 5 y 6 bifolios.</subfield></datafield><datafield tag="500" ind1=" " ind2=" "><subfield code="a">Deterioros generales: Encuadernación muy deteriorada por la humedad. Papel con pocos daños.</subfield></datafield><datafield tag="500" ind1=" " ind2=" "><subfield code="a">H. en blanco: 31v, 40 y 41.</subfield></datafield><datafield tag="500" ind1=" " ind2=" "><subfield code="a">H. dañadas, mutiladas, sueltas: Dañadas: 12 (parte del texto dañado por humedad).</subfield></datafield><datafield tag="500" ind1=" " ind2=" "><subfield code="a">H. faltan o añadidas: Faltan: 8 entre f. 8 y f.9, varios cuadernos entre f.12 y f.13, y 3 entre f.62 y f.63.</subfield></datafield><datafield tag="500" ind1=" " ind2=" "><subfield code="a">Foliación: 1-75, a lápiz en el centro del margen lateral externo del verso.</subfield></datafield><datafield tag="500" ind1=" " ind2=" "><subfield code="a">Reclamos: No.</subfield></datafield><datafield tag="500" ind1=" " ind2=" "><subfield code="a">Signatura de cuaderno: No.</subfield></datafield><datafield tag="500" ind1=" " ind2=" "><subfield code="a">Pautado: Pautado a punta seca. Distancia interlineal: 1 cm.</subfield></datafield><datafield tag="500" ind1=" " ind2=" "><subfield code="a">Filigrana: No.</subfield></datafield><datafield tag="500" ind1=" " ind2=" "><subfield code="a">Signatura antigua: Sello azul y blanco en f. 1r. nº56, y en el canto de la encuadernación. Junta 56</subfield></datafield><datafield tag="500" ind1=" " ind2=" "><subfield code="a">Anotaciones: En las hojas de guarda en árabe y aljamiado.</subfield></datafield><datafield tag="510" ind1="3" ind2=" "><subfield code="a">Descripción: J. Ribera y M. Asín (dirs.), Manuscritos árabes y aljamiados de la biblioteca de la Junta: noticia y extractos, Madrid: Junta para la ampliación de Estudios e Investigaciones Científicas, 1912, 202.</subfield></datafield><datafield tag="510" ind1="4" ind2=" "><subfield code="a">Bibliografía: J. Ribera y M. Asín (dirs.), Manuscritos árabes y aljamiados de la biblioteca de la Junta: noticia y extractos, Madrid: Junta para la ampliación de Estudios e Investigaciones Científicas, 1912, 202. -Xavier Casassas Canals, Los siete alhaicales y otras plegarias aljamiadas de mudéjares y moriscos, Almuzara, 2007.</subfield></datafield><datafield tag="520" ind1="2" ind2=" "><subfield code="a">Devocionario que contiene jaculatorias, oraciones en árabe, los siete alhaicales y alabanzas a los profetas.</subfield></datafield><datafield tag="530" ind1=" " ind2=" "><subfield code="a">Mª del P. Martínez Olmo, Colección de manuscritos árabes y aljamiados de la Biblioteca del Instituto de Filología del CSIC, Instituto de Filología CSIC, Madrid, 1998 (4 Cd-Rom), CD 4. -Instituto Miguel Asín de Estudios Arabes, Colección de manuscritos árabes y aljamiados, Microforma, Madrid: 1983-84, 25 rollos, Ms. 53-56.</subfield></datafield><datafield tag="541" ind1=" " ind2=" "><subfield code="a">Procedencia: Almonacid de la Sierra. Pablo Gil. Sección Árabe Centro de Estudios Históricos (JAE). Escuela de Estudios Árabes de Madrid. Instituto de Filología, CSIC.</subfield><subfield code="d">Ingreso: Junio de 1910.</subfield></datafield><datafield tag="546" ind1=" " ind2=" "><subfield code="a">Árabe y aljamiado</subfield><subfield code="b">con escritura magrebí</subfield></datafield><datafield tag="563" ind1=" " ind2=" "><subfield code="a">Encuadernado en piel marrón con solapa, decorada con grabado geométrico. Lienzo y papel en el interior.</subfield></datafield><datafield tag="594" ind1=" " ind2="1"><subfield code="a">El ms. no consta de tít, ni aut.</subfield></datafield><datafield tag="595" ind1=" " ind2=" "><subfield code="a">No.</subfield></datafield><datafield tag="650" ind1=" " ind2="7"><subfield code="a">Manuscritos árabes.</subfield><subfield code="2">CSICAU</subfield></datafield><datafield tag="650" ind1=" " ind2="7"><subfield code="a">Manuscritos aljamiados.</subfield><subfield code="2">CSICAU</subfield></datafield><datafield tag="650" ind1=" " ind2="7"><subfield code="a">Islam.</subfield><subfield code="2">CSICAU</subfield></datafield><datafield tag="650" ind1=" " ind2="7"><subfield code="a">Devocionarios.</subfield><subfield code="2">CSICAU</subfield></datafield><datafield tag="830" ind1=" " ind2="0"><subfield code="a">Manuscripta</subfield></datafield><datafield tag="856" ind1="4" ind2="1"><subfield code="u">http://aleph.csic.es/imagenes/mad01/0006_PMSC/P_001227718_651304_V00.pdf</subfield><subfield code="z">Descargar Pdf completo (8.9M)</subfield><subfield code="m">CSIC</subfield></datafield><datafield tag="856" ind1="4" ind2="1"><subfield code="u">http://simurg.bibliotecas.csic.es/viewer/image/CSIC001227718/1/</subfield><subfield code="z">Ver texto completo en SIMURG, el portal de fondos digitalizados del CSIC</subfield><subfield code="m">CSIC</subfield></datafield><datafield tag="856" ind1="4" ind2="1"><subfield code="u">http://aleph.csic.es/imagenes/mad01/0006_PMSC/html/001227718.html</subfield><subfield code="z">Ver texto completo en Bookreader</subfield></datafield></record></metadata></record>